%YAML 1.1
%TAG !u! tag:unity3d.com,2011:
--- !u!29 &1
OcclusionCullingSettings:
  m_ObjectHideFlags: 0
  serializedVersion: 2
  m_OcclusionBakeSettings:
    smallestOccluder: 5
    smallestHole: 0.25
    backfaceThreshold: 100
  m_SceneGUID: 00000000000000000000000000000000
  m_OcclusionCullingData: {fileID: 0}
--- !u!104 &2
RenderSettings:
  m_ObjectHideFlags: 0
  serializedVersion: 9
  m_Fog: 0
  m_FogColor: {r: 0.5, g: 0.5, b: 0.5, a: 1}
  m_FogMode: 3
  m_FogDensity: 0.01
  m_LinearFogStart: 0
  m_LinearFogEnd: 300
  m_AmbientSkyColor: {r: 0.212, g: 0.227, b: 0.259, a: 1}
  m_AmbientEquatorColor: {r: 0.114, g: 0.125, b: 0.133, a: 1}
  m_AmbientGroundColor: {r: 0.047, g: 0.043, b: 0.035, a: 1}
  m_AmbientIntensity: 1
  m_AmbientMode: 3
  m_SubtractiveShadowColor: {r: 0.42, g: 0.478, b: 0.627, a: 1}
  m_SkyboxMaterial: {fileID: 0}
  m_HaloStrength: 0.5
  m_FlareStrength: 1
  m_FlareFadeSpeed: 3
  m_HaloTexture: {fileID: 0}
  m_SpotCookie: {fileID: 10001, guid: 0000000000000000e000000000000000, type: 0}
  m_DefaultReflectionMode: 0
  m_DefaultReflectionResolution: 128
  m_ReflectionBounces: 1
  m_ReflectionIntensity: 1
  m_CustomReflection: {fileID: 0}
  m_Sun: {fileID: 0}
  m_IndirectSpecularColor: {r: 0, g: 0, b: 0, a: 1}
  m_UseRadianceAmbientProbe: 0
--- !u!157 &3
LightmapSettings:
  m_ObjectHideFlags: 0
  serializedVersion: 11
  m_GIWorkflowMode: 1
  m_GISettings:
    serializedVersion: 2
    m_BounceScale: 1
    m_IndirectOutputScale: 1
    m_AlbedoBoost: 1
    m_EnvironmentLightingMode: 0
    m_EnableBakedLightmaps: 0
    m_EnableRealtimeLightmaps: 0
  m_LightmapEditorSettings:
    serializedVersion: 12
    m_Resolution: 2
    m_BakeResolution: 40
    m_AtlasSize: 1024
    m_AO: 0
    m_AOMaxDistance: 1
    m_CompAOExponent: 1
    m_CompAOExponentDirect: 0
    m_ExtractAmbientOcclusion: 0
    m_Padding: 2
    m_LightmapParameters: {fileID: 0}
    m_LightmapsBakeMode: 1
    m_TextureCompression: 1
    m_FinalGather: 0
    m_FinalGatherFiltering: 1
    m_FinalGatherRayCount: 256
    m_ReflectionCompression: 2
    m_MixedBakeMode: 2
    m_BakeBackend: 0
    m_PVRSampling: 1
    m_PVRDirectSampleCount: 32
    m_PVRSampleCount: 500
    m_PVRBounces: 2
    m_PVREnvironmentSampleCount: 500
    m_PVREnvironmentReferencePointCount: 2048
    m_PVRFilteringMode: 2
    m_PVRDenoiserTypeDirect: 0
    m_PVRDenoiserTypeIndirect: 0
    m_PVRDenoiserTypeAO: 0
    m_PVRFilterTypeDirect: 0
    m_PVRFilterTypeIndirect: 0
    m_PVRFilterTypeAO: 0
    m_PVREnvironmentMIS: 0
    m_PVRCulling: 1
    m_PVRFilteringGaussRadiusDirect: 1
    m_PVRFilteringGaussRadiusIndirect: 5
    m_PVRFilteringGaussRadiusAO: 2
    m_PVRFilteringAtrousPositionSigmaDirect: 0.5
    m_PVRFilteringAtrousPositionSigmaIndirect: 2
    m_PVRFilteringAtrousPositionSigmaAO: 1
    m_ShowResolutionOverlay: 1
    m_ExportTrainingData: 0
  m_LightingDataAsset: {fileID: 0}
  m_UseShadowmask: 1
--- !u!196 &4
NavMeshSettings:
  serializedVersion: 2
  m_ObjectHideFlags: 0
  m_BuildSettings:
    serializedVersion: 2
    agentTypeID: 0
    agentRadius: 0.5
    agentHeight: 2
    agentSlope: 45
    agentClimb: 0.4
    ledgeDropHeight: 0
    maxJumpAcrossDistance: 0
    minRegionArea: 2
    manualCellSize: 0
    cellSize: 0.16666667
    manualTileSize: 0
    tileSize: 256
    accuratePlacement: 0
    debug:
      m_Flags: 0
  m_NavMeshData: {fileID: 0}
--- !u!1 &53502473
GameObject:
  m_ObjectHideFlags: 0
  m_CorrespondingSourceObject: {fileID: 0}
  m_PrefabInstance: {fileID: 0}
  m_PrefabAsset: {fileID: 0}
  serializedVersion: 6
  m_Component:
  - component: {fileID: 53502477}
  - component: {fileID: 53502476}
  - component: {fileID: 53502475}
  - component: {fileID: 53502474}
  - component: {fileID: 53502478}
  m_Layer: 5
  m_Name: Canvas
  m_TagString: Untagged
  m_Icon: {fileID: 0}
  m_NavMeshLayer: 0
  m_StaticEditorFlags: 0
  m_IsActive: 1
--- !u!114 &53502474
MonoBehaviour:
  m_ObjectHideFlags: 0
  m_CorrespondingSourceObject: {fileID: 0}
  m_PrefabInstance: {fileID: 0}
  m_PrefabAsset: {fileID: 0}
  m_GameObject: {fileID: 53502473}
  m_Enabled: 1
  m_EditorHideFlags: 0
  m_Script: {fileID: 1301386320, guid: f70555f144d8491a825f0804e09c671c, type: 3}
  m_Name: 
  m_EditorClassIdentifier: 
  m_IgnoreReversedGraphics: 1
  m_BlockingObjects: 0
  m_BlockingMask:
    serializedVersion: 2
    m_Bits: 4294967295
--- !u!114 &53502475
MonoBehaviour:
  m_ObjectHideFlags: 0
  m_CorrespondingSourceObject: {fileID: 0}
  m_PrefabInstance: {fileID: 0}
  m_PrefabAsset: {fileID: 0}
  m_GameObject: {fileID: 53502473}
  m_Enabled: 1
  m_EditorHideFlags: 0
  m_Script: {fileID: 1980459831, guid: f70555f144d8491a825f0804e09c671c, type: 3}
  m_Name: 
  m_EditorClassIdentifier: 
  m_UiScaleMode: 0
  m_ReferencePixelsPerUnit: 32
  m_ScaleFactor: 1
  m_ReferenceResolution: {x: 800, y: 600}
  m_ScreenMatchMode: 0
  m_MatchWidthOrHeight: 0
  m_PhysicalUnit: 3
  m_FallbackScreenDPI: 96
  m_DefaultSpriteDPI: 96
  m_DynamicPixelsPerUnit: 1
--- !u!223 &53502476
Canvas:
  m_ObjectHideFlags: 0
  m_CorrespondingSourceObject: {fileID: 0}
  m_PrefabInstance: {fileID: 0}
  m_PrefabAsset: {fileID: 0}
  m_GameObject: {fileID: 53502473}
  m_Enabled: 1
  serializedVersion: 3
  m_RenderMode: 1
  m_Camera: {fileID: 1792140471}
  m_PlaneDistance: 100
  m_PixelPerfect: 0
  m_ReceivesEvents: 1
  m_OverrideSorting: 0
  m_OverridePixelPerfect: 0
  m_SortingBucketNormalizedSize: 0
  m_AdditionalShaderChannelsFlag: 0
  m_SortingLayerID: 0
  m_SortingOrder: 10
  m_TargetDisplay: 0
--- !u!224 &53502477
RectTransform:
  m_ObjectHideFlags: 0
  m_CorrespondingSourceObject: {fileID: 0}
  m_PrefabInstance: {fileID: 0}
  m_PrefabAsset: {fileID: 0}
  m_GameObject: {fileID: 53502473}
  m_LocalRotation: {x: 0, y: 0, z: 0, w: 1}
  m_LocalPosition: {x: 0, y: 0, z: 0}
  m_LocalScale: {x: 0, y: 0, z: 0}
  m_Children:
  - {fileID: 2001673010}
  m_Father: {fileID: 0}
  m_RootOrder: 1
  m_LocalEulerAnglesHint: {x: 0, y: 0, z: 0}
  m_AnchorMin: {x: 0, y: 0}
  m_AnchorMax: {x: 0, y: 0}
  m_AnchoredPosition: {x: 0, y: 0}
  m_SizeDelta: {x: 0, y: 0}
  m_Pivot: {x: 0, y: 0}
--- !u!114 &53502478
MonoBehaviour:
  m_ObjectHideFlags: 0
  m_CorrespondingSourceObject: {fileID: 0}
  m_PrefabInstance: {fileID: 0}
  m_PrefabAsset: {fileID: 0}
  m_GameObject: {fileID: 53502473}
  m_Enabled: 1
  m_EditorHideFlags: 0
  m_Script: {fileID: 11500000, guid: 23b1598a03093c64eb17dedb9cf536ca, type: 3}
  m_Name: 
  m_EditorClassIdentifier: 
  m_MainCamera: {fileID: 1792140471}
--- !u!1 &124125441
GameObject:
  m_ObjectHideFlags: 0
  m_CorrespondingSourceObject: {fileID: 0}
  m_PrefabInstance: {fileID: 0}
  m_PrefabAsset: {fileID: 0}
  serializedVersion: 6
  m_Component:
  - component: {fileID: 124125442}
  m_Layer: 0
  m_Name: Deco
  m_TagString: Untagged
  m_Icon: {fileID: 0}
  m_NavMeshLayer: 0
  m_StaticEditorFlags: 0
  m_IsActive: 1
--- !u!4 &124125442
Transform:
  m_ObjectHideFlags: 0
  m_CorrespondingSourceObject: {fileID: 0}
  m_PrefabInstance: {fileID: 0}
  m_PrefabAsset: {fileID: 0}
  m_GameObject: {fileID: 124125441}
  m_LocalRotation: {x: 0, y: 0, z: 0, w: 1}
  m_LocalPosition: {x: 0, y: 0, z: 0}
  m_LocalScale: {x: 1, y: 1, z: 1}
  m_Children:
  - {fileID: 2132717519}
  - {fileID: 1906413659}
  - {fileID: 1888791063}
  - {fileID: 1626285949}
  - {fileID: 924348384}
  - {fileID: 888383477}
  - {fileID: 1580978417}
  - {fileID: 1662931682}
  - {fileID: 329070859}
  - {fileID: 1712513556}
  - {fileID: 668517975}
  - {fileID: 1120124205}
  - {fileID: 1578537983}
  - {fileID: 1637524918}
  - {fileID: 1142615810}
  - {fileID: 1785105224}
  - {fileID: 317409419}
  - {fileID: 1195789915}
  m_Father: {fileID: 0}
  m_RootOrder: 5
  m_LocalEulerAnglesHint: {x: 0, y: 0, z: 0}
--- !u!1001 &283453808
PrefabInstance:
  m_ObjectHideFlags: 0
  serializedVersion: 2
  m_Modification:
    m_TransformParent: {fileID: 0}
    m_Modifications:
    - target: {fileID: 1678356469075680, guid: 974e13595956d1a4db7b2266ed5eaf76, type: 3}
      propertyPath: m_Name
      value: World
      objectReference: {fileID: 0}
    - target: {fileID: 4639251814797700, guid: 974e13595956d1a4db7b2266ed5eaf76, type: 3}
      propertyPath: m_LocalPosition.x
      value: 0
      objectReference: {fileID: 0}
    - target: {fileID: 4639251814797700, guid: 974e13595956d1a4db7b2266ed5eaf76, type: 3}
      propertyPath: m_LocalPosition.y
      value: 0
      objectReference: {fileID: 0}
    - target: {fileID: 4639251814797700, guid: 974e13595956d1a4db7b2266ed5eaf76, type: 3}
      propertyPath: m_LocalPosition.z
      value: 0
      objectReference: {fileID: 0}
    - target: {fileID: 4639251814797700, guid: 974e13595956d1a4db7b2266ed5eaf76, type: 3}
      propertyPath: m_LocalRotation.x
      value: 0
      objectReference: {fileID: 0}
    - target: {fileID: 4639251814797700, guid: 974e13595956d1a4db7b2266ed5eaf76, type: 3}
      propertyPath: m_LocalRotation.y
      value: 0
      objectReference: {fileID: 0}
    - target: {fileID: 4639251814797700, guid: 974e13595956d1a4db7b2266ed5eaf76, type: 3}
      propertyPath: m_LocalRotation.z
      value: 0
      objectReference: {fileID: 0}
    - target: {fileID: 4639251814797700, guid: 974e13595956d1a4db7b2266ed5eaf76, type: 3}
      propertyPath: m_LocalRotation.w
      value: 1
      objectReference: {fileID: 0}
    - target: {fileID: 4639251814797700, guid: 974e13595956d1a4db7b2266ed5eaf76, type: 3}
      propertyPath: m_RootOrder
      value: 3
      objectReference: {fileID: 0}
    - target: {fileID: 4639251814797700, guid: 974e13595956d1a4db7b2266ed5eaf76, type: 3}
      propertyPath: m_LocalEulerAnglesHint.x
      value: 0
      objectReference: {fileID: 0}
    - target: {fileID: 4639251814797700, guid: 974e13595956d1a4db7b2266ed5eaf76, type: 3}
      propertyPath: m_LocalEulerAnglesHint.y
      value: 0
      objectReference: {fileID: 0}
    - target: {fileID: 4639251814797700, guid: 974e13595956d1a4db7b2266ed5eaf76, type: 3}
      propertyPath: m_LocalEulerAnglesHint.z
      value: 0
      objectReference: {fileID: 0}
    m_RemovedComponents: []
  m_SourcePrefab: {fileID: 100100000, guid: 974e13595956d1a4db7b2266ed5eaf76, type: 3}
--- !u!1001 &293411549
PrefabInstance:
  m_ObjectHideFlags: 0
  serializedVersion: 2
  m_Modification:
    m_TransformParent: {fileID: 53502477}
    m_Modifications:
    - target: {fileID: 1602499947473802, guid: 8d6c5a64395cc7a45b8b0689bad9864c, type: 3}
      propertyPath: m_Name
      value: TitleScreen
      objectReference: {fileID: 0}
    - target: {fileID: 224673926499591734, guid: 8d6c5a64395cc7a45b8b0689bad9864c,
        type: 3}
      propertyPath: m_LocalPosition.x
      value: 0
      objectReference: {fileID: 0}
    - target: {fileID: 224673926499591734, guid: 8d6c5a64395cc7a45b8b0689bad9864c,
        type: 3}
      propertyPath: m_LocalPosition.y
      value: 0
      objectReference: {fileID: 0}
    - target: {fileID: 224673926499591734, guid: 8d6c5a64395cc7a45b8b0689bad9864c,
        type: 3}
      propertyPath: m_LocalPosition.z
      value: 0
      objectReference: {fileID: 0}
    - target: {fileID: 224673926499591734, guid: 8d6c5a64395cc7a45b8b0689bad9864c,
        type: 3}
      propertyPath: m_LocalRotation.x
      value: -0
      objectReference: {fileID: 0}
    - target: {fileID: 224673926499591734, guid: 8d6c5a64395cc7a45b8b0689bad9864c,
        type: 3}
      propertyPath: m_LocalRotation.y
      value: -0
      objectReference: {fileID: 0}
    - target: {fileID: 224673926499591734, guid: 8d6c5a64395cc7a45b8b0689bad9864c,
        type: 3}
      propertyPath: m_LocalRotation.z
      value: -0
      objectReference: {fileID: 0}
    - target: {fileID: 224673926499591734, guid: 8d6c5a64395cc7a45b8b0689bad9864c,
        type: 3}
      propertyPath: m_LocalRotation.w
      value: 1
      objectReference: {fileID: 0}
    - target: {fileID: 224673926499591734, guid: 8d6c5a64395cc7a45b8b0689bad9864c,
        type: 3}
      propertyPath: m_RootOrder
      value: 0
      objectReference: {fileID: 0}
    - target: {fileID: 224673926499591734, guid: 8d6c5a64395cc7a45b8b0689bad9864c,
        type: 3}
      propertyPath: m_LocalEulerAnglesHint.x
      value: 0
      objectReference: {fileID: 0}
    - target: {fileID: 224673926499591734, guid: 8d6c5a64395cc7a45b8b0689bad9864c,
        type: 3}
      propertyPath: m_LocalEulerAnglesHint.y
      value: 0
      objectReference: {fileID: 0}
    - target: {fileID: 224673926499591734, guid: 8d6c5a64395cc7a45b8b0689bad9864c,
        type: 3}
      propertyPath: m_LocalEulerAnglesHint.z
      value: 0
      objectReference: {fileID: 0}
    - target: {fileID: 224673926499591734, guid: 8d6c5a64395cc7a45b8b0689bad9864c,
        type: 3}
      propertyPath: m_AnchoredPosition.x
      value: 0
      objectReference: {fileID: 0}
    - target: {fileID: 224673926499591734, guid: 8d6c5a64395cc7a45b8b0689bad9864c,
        type: 3}
      propertyPath: m_AnchoredPosition.y
      value: 0
      objectReference: {fileID: 0}
    - target: {fileID: 224673926499591734, guid: 8d6c5a64395cc7a45b8b0689bad9864c,
        type: 3}
      propertyPath: m_SizeDelta.x
      value: 0
      objectReference: {fileID: 0}
    - target: {fileID: 224673926499591734, guid: 8d6c5a64395cc7a45b8b0689bad9864c,
        type: 3}
      propertyPath: m_SizeDelta.y
      value: 0
      objectReference: {fileID: 0}
    - target: {fileID: 224673926499591734, guid: 8d6c5a64395cc7a45b8b0689bad9864c,
        type: 3}
      propertyPath: m_AnchorMin.x
      value: 0
      objectReference: {fileID: 0}
    - target: {fileID: 224673926499591734, guid: 8d6c5a64395cc7a45b8b0689bad9864c,
        type: 3}
      propertyPath: m_AnchorMin.y
      value: 0
      objectReference: {fileID: 0}
    - target: {fileID: 224673926499591734, guid: 8d6c5a64395cc7a45b8b0689bad9864c,
        type: 3}
      propertyPath: m_AnchorMax.x
      value: 1
      objectReference: {fileID: 0}
    - target: {fileID: 224673926499591734, guid: 8d6c5a64395cc7a45b8b0689bad9864c,
        type: 3}
      propertyPath: m_AnchorMax.y
      value: 1
      objectReference: {fileID: 0}
    - target: {fileID: 224673926499591734, guid: 8d6c5a64395cc7a45b8b0689bad9864c,
        type: 3}
      propertyPath: m_Pivot.x
      value: 0.5
      objectReference: {fileID: 0}
    - target: {fileID: 224673926499591734, guid: 8d6c5a64395cc7a45b8b0689bad9864c,
        type: 3}
      propertyPath: m_Pivot.y
      value: 0.5
      objectReference: {fileID: 0}
    - target: {fileID: 224215296627370106, guid: 8d6c5a64395cc7a45b8b0689bad9864c,
        type: 3}
      propertyPath: m_AnchorMin.y
      value: 0
      objectReference: {fileID: 0}
    - target: {fileID: 224215296627370106, guid: 8d6c5a64395cc7a45b8b0689bad9864c,
        type: 3}
      propertyPath: m_AnchorMax.y
      value: 0
      objectReference: {fileID: 0}
    - target: {fileID: 224215296627370106, guid: 8d6c5a64395cc7a45b8b0689bad9864c,
        type: 3}
      propertyPath: m_AnchoredPosition.x
      value: 0
      objectReference: {fileID: 0}
    - target: {fileID: 224215296627370106, guid: 8d6c5a64395cc7a45b8b0689bad9864c,
        type: 3}
      propertyPath: m_AnchoredPosition.y
      value: 0
      objectReference: {fileID: 0}
    - target: {fileID: 224279287130290728, guid: 8d6c5a64395cc7a45b8b0689bad9864c,
        type: 3}
      propertyPath: m_AnchorMin.y
      value: 0
      objectReference: {fileID: 0}
    - target: {fileID: 224279287130290728, guid: 8d6c5a64395cc7a45b8b0689bad9864c,
        type: 3}
      propertyPath: m_AnchorMax.y
      value: 0
      objectReference: {fileID: 0}
    - target: {fileID: 224279287130290728, guid: 8d6c5a64395cc7a45b8b0689bad9864c,
        type: 3}
      propertyPath: m_AnchoredPosition.x
      value: 0
      objectReference: {fileID: 0}
    - target: {fileID: 224279287130290728, guid: 8d6c5a64395cc7a45b8b0689bad9864c,
        type: 3}
      propertyPath: m_AnchoredPosition.y
      value: 0
      objectReference: {fileID: 0}
    - target: {fileID: 224598261219182630, guid: 8d6c5a64395cc7a45b8b0689bad9864c,
        type: 3}
      propertyPath: m_AnchorMin.y
      value: 0
      objectReference: {fileID: 0}
    - target: {fileID: 224598261219182630, guid: 8d6c5a64395cc7a45b8b0689bad9864c,
        type: 3}
      propertyPath: m_AnchorMax.y
      value: 0
      objectReference: {fileID: 0}
    - target: {fileID: 224598261219182630, guid: 8d6c5a64395cc7a45b8b0689bad9864c,
        type: 3}
      propertyPath: m_AnchoredPosition.x
      value: 0
      objectReference: {fileID: 0}
    - target: {fileID: 224598261219182630, guid: 8d6c5a64395cc7a45b8b0689bad9864c,
        type: 3}
      propertyPath: m_AnchoredPosition.y
      value: 0
      objectReference: {fileID: 0}
    - target: {fileID: 224913559895922534, guid: 8d6c5a64395cc7a45b8b0689bad9864c,
        type: 3}
      propertyPath: m_AnchorMin.y
      value: 0
      objectReference: {fileID: 0}
    - target: {fileID: 224913559895922534, guid: 8d6c5a64395cc7a45b8b0689bad9864c,
        type: 3}
      propertyPath: m_AnchorMax.y
      value: 0
      objectReference: {fileID: 0}
    - target: {fileID: 224913559895922534, guid: 8d6c5a64395cc7a45b8b0689bad9864c,
        type: 3}
      propertyPath: m_AnchoredPosition.x
      value: 0
      objectReference: {fileID: 0}
    - target: {fileID: 224913559895922534, guid: 8d6c5a64395cc7a45b8b0689bad9864c,
        type: 3}
      propertyPath: m_AnchoredPosition.y
      value: 0
      objectReference: {fileID: 0}
    - target: {fileID: 114211547208267744, guid: 8d6c5a64395cc7a45b8b0689bad9864c,
        type: 3}
      propertyPath: m_ConfigurationButton
      value: 
      objectReference: {fileID: 1324595114697492, guid: c9d8d4b396de5d440957e9027c9c7b14,
        type: 3}
    - target: {fileID: 114894613019834172, guid: 8d6c5a64395cc7a45b8b0689bad9864c,
        type: 3}
      propertyPath: m_Text
      value: Dipper and Dipper
      objectReference: {fileID: 0}
    - target: {fileID: 114894613019834172, guid: 8d6c5a64395cc7a45b8b0689bad9864c,
        type: 3}
      propertyPath: m_FontData.m_FontSize
      value: 32
      objectReference: {fileID: 0}
    - target: {fileID: 114921839671710606, guid: 8d6c5a64395cc7a45b8b0689bad9864c,
        type: 3}
      propertyPath: m_Sprite
      value: 
      objectReference: {fileID: 21300000, guid: cafb6571b14860b409a6c3a3063b7397,
        type: 3}
    - target: {fileID: 114921839671710606, guid: 8d6c5a64395cc7a45b8b0689bad9864c,
        type: 3}
      propertyPath: m_Type
      value: 0
      objectReference: {fileID: 0}
    - target: {fileID: 114921839671710606, guid: 8d6c5a64395cc7a45b8b0689bad9864c,
        type: 3}
      propertyPath: m_Color.r
      value: 1
      objectReference: {fileID: 0}
    - target: {fileID: 114921839671710606, guid: 8d6c5a64395cc7a45b8b0689bad9864c,
        type: 3}
      propertyPath: m_Color.g
      value: 1
      objectReference: {fileID: 0}
    - target: {fileID: 114921839671710606, guid: 8d6c5a64395cc7a45b8b0689bad9864c,
        type: 3}
      propertyPath: m_Color.b
      value: 1
      objectReference: {fileID: 0}
    - target: {fileID: 114921839671710606, guid: 8d6c5a64395cc7a45b8b0689bad9864c,
        type: 3}
      propertyPath: m_PreserveAspect
      value: 1
      objectReference: {fileID: 0}
    - target: {fileID: 114921839671710606, guid: 8d6c5a64395cc7a45b8b0689bad9864c,
        type: 3}
      propertyPath: m_UseSpriteMesh
      value: 0
      objectReference: {fileID: 0}
    - target: {fileID: 224886618069599164, guid: 8d6c5a64395cc7a45b8b0689bad9864c,
        type: 3}
      propertyPath: m_AnchorMin.x
      value: 0.2
      objectReference: {fileID: 0}
    - target: {fileID: 224886618069599164, guid: 8d6c5a64395cc7a45b8b0689bad9864c,
        type: 3}
      propertyPath: m_AnchorMin.y
      value: 0.4
      objectReference: {fileID: 0}
    - target: {fileID: 224886618069599164, guid: 8d6c5a64395cc7a45b8b0689bad9864c,
        type: 3}
      propertyPath: m_AnchorMax.y
      value: 0.8
      objectReference: {fileID: 0}
    - target: {fileID: 114692686793743580, guid: 8d6c5a64395cc7a45b8b0689bad9864c,
        type: 3}
      propertyPath: m_FontData.m_FontSize
      value: 18
      objectReference: {fileID: 0}
    - target: {fileID: 2761073728379287311, guid: 8d6c5a64395cc7a45b8b0689bad9864c,
        type: 3}
      propertyPath: m_FontData.m_FontSize
      value: 18
      objectReference: {fileID: 0}
    m_RemovedComponents:
    - {fileID: 114921839671710606, guid: 8d6c5a64395cc7a45b8b0689bad9864c, type: 3}
  m_SourcePrefab: {fileID: 100100000, guid: 8d6c5a64395cc7a45b8b0689bad9864c, type: 3}
--- !u!1001 &317409418
PrefabInstance:
  m_ObjectHideFlags: 0
  serializedVersion: 2
  m_Modification:
    m_TransformParent: {fileID: 124125442}
    m_Modifications:
    - target: {fileID: 7893592882364465108, guid: 29ab72c97d4e2bf45b4fa39bd4a8bb3c,
        type: 3}
      propertyPath: m_Name
      value: Wall Variant 1 (9)
      objectReference: {fileID: 0}
    - target: {fileID: 7893592882364465109, guid: 29ab72c97d4e2bf45b4fa39bd4a8bb3c,
        type: 3}
      propertyPath: m_LocalPosition.x
      value: -4
      objectReference: {fileID: 0}
    - target: {fileID: 7893592882364465109, guid: 29ab72c97d4e2bf45b4fa39bd4a8bb3c,
        type: 3}
      propertyPath: m_LocalPosition.y
      value: -7
      objectReference: {fileID: 0}
    - target: {fileID: 7893592882364465109, guid: 29ab72c97d4e2bf45b4fa39bd4a8bb3c,
        type: 3}
      propertyPath: m_LocalPosition.z
      value: 0
      objectReference: {fileID: 0}
    - target: {fileID: 7893592882364465109, guid: 29ab72c97d4e2bf45b4fa39bd4a8bb3c,
        type: 3}
      propertyPath: m_LocalRotation.x
      value: -0
      objectReference: {fileID: 0}
    - target: {fileID: 7893592882364465109, guid: 29ab72c97d4e2bf45b4fa39bd4a8bb3c,
        type: 3}
      propertyPath: m_LocalRotation.y
      value: -0
      objectReference: {fileID: 0}
    - target: {fileID: 7893592882364465109, guid: 29ab72c97d4e2bf45b4fa39bd4a8bb3c,
        type: 3}
      propertyPath: m_LocalRotation.z
      value: -0
      objectReference: {fileID: 0}
    - target: {fileID: 7893592882364465109, guid: 29ab72c97d4e2bf45b4fa39bd4a8bb3c,
        type: 3}
      propertyPath: m_LocalRotation.w
      value: 1
      objectReference: {fileID: 0}
    - target: {fileID: 7893592882364465109, guid: 29ab72c97d4e2bf45b4fa39bd4a8bb3c,
        type: 3}
      propertyPath: m_RootOrder
      value: 16
      objectReference: {fileID: 0}
    - target: {fileID: 7893592882364465109, guid: 29ab72c97d4e2bf45b4fa39bd4a8bb3c,
        type: 3}
      propertyPath: m_LocalEulerAnglesHint.x
      value: 0
      objectReference: {fileID: 0}
    - target: {fileID: 7893592882364465109, guid: 29ab72c97d4e2bf45b4fa39bd4a8bb3c,
        type: 3}
      propertyPath: m_LocalEulerAnglesHint.y
      value: 0
      objectReference: {fileID: 0}
    - target: {fileID: 7893592882364465109, guid: 29ab72c97d4e2bf45b4fa39bd4a8bb3c,
        type: 3}
      propertyPath: m_LocalEulerAnglesHint.z
      value: 0
      objectReference: {fileID: 0}
    m_RemovedComponents: []
  m_SourcePrefab: {fileID: 100100000, guid: 29ab72c97d4e2bf45b4fa39bd4a8bb3c, type: 3}
--- !u!4 &317409419 stripped
Transform:
  m_CorrespondingSourceObject: {fileID: 7893592882364465109, guid: 29ab72c97d4e2bf45b4fa39bd4a8bb3c,
    type: 3}
  m_PrefabInstance: {fileID: 317409418}
  m_PrefabAsset: {fileID: 0}
--- !u!1001 &329070858
PrefabInstance:
  m_ObjectHideFlags: 0
  serializedVersion: 2
  m_Modification:
    m_TransformParent: {fileID: 124125442}
    m_Modifications:
    - target: {fileID: 7893592882364465108, guid: 29ab72c97d4e2bf45b4fa39bd4a8bb3c,
        type: 3}
      propertyPath: m_Name
      value: Wall Variant 1 (1)
      objectReference: {fileID: 0}
    - target: {fileID: 7893592882364465109, guid: 29ab72c97d4e2bf45b4fa39bd4a8bb3c,
        type: 3}
      propertyPath: m_LocalPosition.x
      value: -4
      objectReference: {fileID: 0}
    - target: {fileID: 7893592882364465109, guid: 29ab72c97d4e2bf45b4fa39bd4a8bb3c,
        type: 3}
      propertyPath: m_LocalPosition.y
      value: -4
      objectReference: {fileID: 0}
    - target: {fileID: 7893592882364465109, guid: 29ab72c97d4e2bf45b4fa39bd4a8bb3c,
        type: 3}
      propertyPath: m_LocalPosition.z
      value: 0
      objectReference: {fileID: 0}
    - target: {fileID: 7893592882364465109, guid: 29ab72c97d4e2bf45b4fa39bd4a8bb3c,
        type: 3}
      propertyPath: m_LocalRotation.x
      value: -0
      objectReference: {fileID: 0}
    - target: {fileID: 7893592882364465109, guid: 29ab72c97d4e2bf45b4fa39bd4a8bb3c,
        type: 3}
      propertyPath: m_LocalRotation.y
      value: -0
      objectReference: {fileID: 0}
    - target: {fileID: 7893592882364465109, guid: 29ab72c97d4e2bf45b4fa39bd4a8bb3c,
        type: 3}
      propertyPath: m_LocalRotation.z
      value: -0
      objectReference: {fileID: 0}
    - target: {fileID: 7893592882364465109, guid: 29ab72c97d4e2bf45b4fa39bd4a8bb3c,
        type: 3}
      propertyPath: m_LocalRotation.w
      value: 1
      objectReference: {fileID: 0}
    - target: {fileID: 7893592882364465109, guid: 29ab72c97d4e2bf45b4fa39bd4a8bb3c,
        type: 3}
      propertyPath: m_RootOrder
      value: 8
      objectReference: {fileID: 0}
    - target: {fileID: 7893592882364465109, guid: 29ab72c97d4e2bf45b4fa39bd4a8bb3c,
        type: 3}
      propertyPath: m_LocalEulerAnglesHint.x
      value: 0
      objectReference: {fileID: 0}
    - target: {fileID: 7893592882364465109, guid: 29ab72c97d4e2bf45b4fa39bd4a8bb3c,
        type: 3}
      propertyPath: m_LocalEulerAnglesHint.y
      value: 0
      objectReference: {fileID: 0}
    - target: {fileID: 7893592882364465109, guid: 29ab72c97d4e2bf45b4fa39bd4a8bb3c,
        type: 3}
      propertyPath: m_LocalEulerAnglesHint.z
      value: 0
      objectReference: {fileID: 0}
    m_RemovedComponents: []
  m_SourcePrefab: {fileID: 100100000, guid: 29ab72c97d4e2bf45b4fa39bd4a8bb3c, type: 3}
--- !u!4 &329070859 stripped
Transform:
  m_CorrespondingSourceObject: {fileID: 7893592882364465109, guid: 29ab72c97d4e2bf45b4fa39bd4a8bb3c,
    type: 3}
  m_PrefabInstance: {fileID: 329070858}
  m_PrefabAsset: {fileID: 0}
--- !u!1 &564599075
GameObject:
  m_ObjectHideFlags: 0
  m_CorrespondingSourceObject: {fileID: 0}
  m_PrefabInstance: {fileID: 0}
  m_PrefabAsset: {fileID: 0}
  serializedVersion: 6
  m_Component:
  - component: {fileID: 564599078}
  - component: {fileID: 564599077}
  - component: {fileID: 564599076}
  m_Layer: 0
  m_Name: EventSystem
  m_TagString: Untagged
  m_Icon: {fileID: 0}
  m_NavMeshLayer: 0
  m_StaticEditorFlags: 0
  m_IsActive: 1
--- !u!114 &564599076
MonoBehaviour:
  m_ObjectHideFlags: 0
  m_CorrespondingSourceObject: {fileID: 0}
  m_PrefabInstance: {fileID: 0}
  m_PrefabAsset: {fileID: 0}
  m_GameObject: {fileID: 564599075}
  m_Enabled: 1
  m_EditorHideFlags: 0
  m_Script: {fileID: 1077351063, guid: f70555f144d8491a825f0804e09c671c, type: 3}
  m_Name: 
  m_EditorClassIdentifier: 
  m_HorizontalAxis: Horizontal
  m_VerticalAxis: Vertical
  m_SubmitButton: Submit
  m_CancelButton: Cancel
  m_InputActionsPerSecond: 10
  m_RepeatDelay: 0.5
  m_ForceModuleActive: 0
--- !u!114 &564599077
MonoBehaviour:
  m_ObjectHideFlags: 0
  m_CorrespondingSourceObject: {fileID: 0}
  m_PrefabInstance: {fileID: 0}
  m_PrefabAsset: {fileID: 0}
  m_GameObject: {fileID: 564599075}
  m_Enabled: 1
  m_EditorHideFlags: 0
  m_Script: {fileID: -619905303, guid: f70555f144d8491a825f0804e09c671c, type: 3}
  m_Name: 
  m_EditorClassIdentifier: 
  m_FirstSelected: {fileID: 1827456406}
  m_sendNavigationEvents: 1
  m_DragThreshold: 5
--- !u!4 &564599078
Transform:
  m_ObjectHideFlags: 0
  m_CorrespondingSourceObject: {fileID: 0}
  m_PrefabInstance: {fileID: 0}
  m_PrefabAsset: {fileID: 0}
  m_GameObject: {fileID: 564599075}
  m_LocalRotation: {x: 0, y: 0, z: 0, w: 1}
  m_LocalPosition: {x: 0, y: 0, z: 0}
  m_LocalScale: {x: 1, y: 1, z: 1}
  m_Children: []
  m_Father: {fileID: 0}
  m_RootOrder: 2
  m_LocalEulerAnglesHint: {x: 0, y: 0, z: 0}
--- !u!1001 &668517974
PrefabInstance:
  m_ObjectHideFlags: 0
  serializedVersion: 2
  m_Modification:
    m_TransformParent: {fileID: 124125442}
    m_Modifications:
    - target: {fileID: 7893592882364465108, guid: 29ab72c97d4e2bf45b4fa39bd4a8bb3c,
        type: 3}
      propertyPath: m_Name
      value: Wall Variant 1 (3)
      objectReference: {fileID: 0}
    - target: {fileID: 7893592882364465109, guid: 29ab72c97d4e2bf45b4fa39bd4a8bb3c,
        type: 3}
      propertyPath: m_LocalPosition.x
      value: 4
      objectReference: {fileID: 0}
    - target: {fileID: 7893592882364465109, guid: 29ab72c97d4e2bf45b4fa39bd4a8bb3c,
        type: 3}
      propertyPath: m_LocalPosition.y
      value: -3
      objectReference: {fileID: 0}
    - target: {fileID: 7893592882364465109, guid: 29ab72c97d4e2bf45b4fa39bd4a8bb3c,
        type: 3}
      propertyPath: m_LocalPosition.z
      value: 0
      objectReference: {fileID: 0}
    - target: {fileID: 7893592882364465109, guid: 29ab72c97d4e2bf45b4fa39bd4a8bb3c,
        type: 3}
      propertyPath: m_LocalRotation.x
      value: -0
      objectReference: {fileID: 0}
    - target: {fileID: 7893592882364465109, guid: 29ab72c97d4e2bf45b4fa39bd4a8bb3c,
        type: 3}
      propertyPath: m_LocalRotation.y
      value: -0
      objectReference: {fileID: 0}
    - target: {fileID: 7893592882364465109, guid: 29ab72c97d4e2bf45b4fa39bd4a8bb3c,
        type: 3}
      propertyPath: m_LocalRotation.z
      value: -0
      objectReference: {fileID: 0}
    - target: {fileID: 7893592882364465109, guid: 29ab72c97d4e2bf45b4fa39bd4a8bb3c,
        type: 3}
      propertyPath: m_LocalRotation.w
      value: 1
      objectReference: {fileID: 0}
    - target: {fileID: 7893592882364465109, guid: 29ab72c97d4e2bf45b4fa39bd4a8bb3c,
        type: 3}
      propertyPath: m_RootOrder
      value: 10
      objectReference: {fileID: 0}
    - target: {fileID: 7893592882364465109, guid: 29ab72c97d4e2bf45b4fa39bd4a8bb3c,
        type: 3}
      propertyPath: m_LocalEulerAnglesHint.x
      value: 0
      objectReference: {fileID: 0}
    - target: {fileID: 7893592882364465109, guid: 29ab72c97d4e2bf45b4fa39bd4a8bb3c,
        type: 3}
      propertyPath: m_LocalEulerAnglesHint.y
      value: 0
      objectReference: {fileID: 0}
    - target: {fileID: 7893592882364465109, guid: 29ab72c97d4e2bf45b4fa39bd4a8bb3c,
        type: 3}
      propertyPath: m_LocalEulerAnglesHint.z
      value: 0
      objectReference: {fileID: 0}
    m_RemovedComponents: []
  m_SourcePrefab: {fileID: 100100000, guid: 29ab72c97d4e2bf45b4fa39bd4a8bb3c, type: 3}
--- !u!4 &668517975 stripped
Transform:
  m_CorrespondingSourceObject: {fileID: 7893592882364465109, guid: 29ab72c97d4e2bf45b4fa39bd4a8bb3c,
    type: 3}
  m_PrefabInstance: {fileID: 668517974}
  m_PrefabAsset: {fileID: 0}
--- !u!1001 &888383476
PrefabInstance:
  m_ObjectHideFlags: 0
  serializedVersion: 2
  m_Modification:
    m_TransformParent: {fileID: 124125442}
    m_Modifications:
    - target: {fileID: 3690759779920761772, guid: a0a8f501335679846a8a67839fd5b22b,
        type: 3}
      propertyPath: m_Name
      value: Wall Variant 2
      objectReference: {fileID: 0}
    - target: {fileID: 3690759779920761773, guid: a0a8f501335679846a8a67839fd5b22b,
        type: 3}
      propertyPath: m_LocalPosition.x
      value: -4
      objectReference: {fileID: 0}
    - target: {fileID: 3690759779920761773, guid: a0a8f501335679846a8a67839fd5b22b,
        type: 3}
      propertyPath: m_LocalPosition.y
      value: -2
      objectReference: {fileID: 0}
    - target: {fileID: 3690759779920761773, guid: a0a8f501335679846a8a67839fd5b22b,
        type: 3}
      propertyPath: m_LocalPosition.z
      value: 0
      objectReference: {fileID: 0}
    - target: {fileID: 3690759779920761773, guid: a0a8f501335679846a8a67839fd5b22b,
        type: 3}
      propertyPath: m_LocalRotation.x
      value: -0
      objectReference: {fileID: 0}
    - target: {fileID: 3690759779920761773, guid: a0a8f501335679846a8a67839fd5b22b,
        type: 3}
      propertyPath: m_LocalRotation.y
      value: -0
      objectReference: {fileID: 0}
    - target: {fileID: 3690759779920761773, guid: a0a8f501335679846a8a67839fd5b22b,
        type: 3}
      propertyPath: m_LocalRotation.z
      value: -0
      objectReference: {fileID: 0}
    - target: {fileID: 3690759779920761773, guid: a0a8f501335679846a8a67839fd5b22b,
        type: 3}
      propertyPath: m_LocalRotation.w
      value: 1
      objectReference: {fileID: 0}
    - target: {fileID: 3690759779920761773, guid: a0a8f501335679846a8a67839fd5b22b,
        type: 3}
      propertyPath: m_RootOrder
      value: 5
      objectReference: {fileID: 0}
    - target: {fileID: 3690759779920761773, guid: a0a8f501335679846a8a67839fd5b22b,
        type: 3}
      propertyPath: m_LocalEulerAnglesHint.x
      value: 0
      objectReference: {fileID: 0}
    - target: {fileID: 3690759779920761773, guid: a0a8f501335679846a8a67839fd5b22b,
        type: 3}
      propertyPath: m_LocalEulerAnglesHint.y
      value: 0
      objectReference: {fileID: 0}
    - target: {fileID: 3690759779920761773, guid: a0a8f501335679846a8a67839fd5b22b,
        type: 3}
      propertyPath: m_LocalEulerAnglesHint.z
      value: 0
      objectReference: {fileID: 0}
    m_RemovedComponents: []
  m_SourcePrefab: {fileID: 100100000, guid: a0a8f501335679846a8a67839fd5b22b, type: 3}
--- !u!4 &888383477 stripped
Transform:
  m_CorrespondingSourceObject: {fileID: 3690759779920761773, guid: a0a8f501335679846a8a67839fd5b22b,
    type: 3}
  m_PrefabInstance: {fileID: 888383476}
  m_PrefabAsset: {fileID: 0}
--- !u!1001 &892113293
PrefabInstance:
  m_ObjectHideFlags: 0
  serializedVersion: 2
  m_Modification:
    m_TransformParent: {fileID: 0}
    m_Modifications:
    - target: {fileID: 596457518045199140, guid: f0728b71a32bfc446b4d637178186c20,
        type: 3}
      propertyPath: m_Name
      value: MusicTrigger
      objectReference: {fileID: 0}
    - target: {fileID: 5836580988060592382, guid: f0728b71a32bfc446b4d637178186c20,
        type: 3}
      propertyPath: m_LocalPosition.x
      value: 0
      objectReference: {fileID: 0}
    - target: {fileID: 5836580988060592382, guid: f0728b71a32bfc446b4d637178186c20,
        type: 3}
      propertyPath: m_LocalPosition.y
      value: 0
      objectReference: {fileID: 0}
    - target: {fileID: 5836580988060592382, guid: f0728b71a32bfc446b4d637178186c20,
        type: 3}
      propertyPath: m_LocalPosition.z
      value: 0
      objectReference: {fileID: 0}
    - target: {fileID: 5836580988060592382, guid: f0728b71a32bfc446b4d637178186c20,
        type: 3}
      propertyPath: m_LocalRotation.x
      value: 0
      objectReference: {fileID: 0}
    - target: {fileID: 5836580988060592382, guid: f0728b71a32bfc446b4d637178186c20,
        type: 3}
      propertyPath: m_LocalRotation.y
      value: 0
      objectReference: {fileID: 0}
    - target: {fileID: 5836580988060592382, guid: f0728b71a32bfc446b4d637178186c20,
        type: 3}
      propertyPath: m_LocalRotation.z
      value: 0
      objectReference: {fileID: 0}
    - target: {fileID: 5836580988060592382, guid: f0728b71a32bfc446b4d637178186c20,
        type: 3}
      propertyPath: m_LocalRotation.w
      value: 1
      objectReference: {fileID: 0}
    - target: {fileID: 5836580988060592382, guid: f0728b71a32bfc446b4d637178186c20,
        type: 3}
      propertyPath: m_RootOrder
      value: 4
      objectReference: {fileID: 0}
    - target: {fileID: 5836580988060592382, guid: f0728b71a32bfc446b4d637178186c20,
        type: 3}
      propertyPath: m_LocalEulerAnglesHint.x
      value: 0
      objectReference: {fileID: 0}
    - target: {fileID: 5836580988060592382, guid: f0728b71a32bfc446b4d637178186c20,
        type: 3}
      propertyPath: m_LocalEulerAnglesHint.y
      value: 0
      objectReference: {fileID: 0}
    - target: {fileID: 5836580988060592382, guid: f0728b71a32bfc446b4d637178186c20,
        type: 3}
      propertyPath: m_LocalEulerAnglesHint.z
      value: 0
      objectReference: {fileID: 0}
    m_RemovedComponents: []
  m_SourcePrefab: {fileID: 100100000, guid: f0728b71a32bfc446b4d637178186c20, type: 3}
--- !u!1001 &924348383
PrefabInstance:
  m_ObjectHideFlags: 0
  serializedVersion: 2
  m_Modification:
    m_TransformParent: {fileID: 124125442}
    m_Modifications:
    - target: {fileID: 5757798254083067257, guid: 753025ef6719d8346bb41afcc972be92,
        type: 3}
      propertyPath: m_Name
      value: Floor Variant 1
      objectReference: {fileID: 0}
    - target: {fileID: 5757798254083067252, guid: 753025ef6719d8346bb41afcc972be92,
        type: 3}
      propertyPath: m_LocalPosition.x
      value: 4
      objectReference: {fileID: 0}
    - target: {fileID: 5757798254083067252, guid: 753025ef6719d8346bb41afcc972be92,
        type: 3}
      propertyPath: m_LocalPosition.y
      value: -1
      objectReference: {fileID: 0}
    - target: {fileID: 5757798254083067252, guid: 753025ef6719d8346bb41afcc972be92,
        type: 3}
      propertyPath: m_LocalPosition.z
      value: 0
      objectReference: {fileID: 0}
    - target: {fileID: 5757798254083067252, guid: 753025ef6719d8346bb41afcc972be92,
        type: 3}
      propertyPath: m_LocalRotation.x
      value: -0
      objectReference: {fileID: 0}
    - target: {fileID: 5757798254083067252, guid: 753025ef6719d8346bb41afcc972be92,
        type: 3}
      propertyPath: m_LocalRotation.y
      value: -0
      objectReference: {fileID: 0}
    - target: {fileID: 5757798254083067252, guid: 753025ef6719d8346bb41afcc972be92,
        type: 3}
      propertyPath: m_LocalRotation.z
      value: -0
      objectReference: {fileID: 0}
    - target: {fileID: 5757798254083067252, guid: 753025ef6719d8346bb41afcc972be92,
        type: 3}
      propertyPath: m_LocalRotation.w
      value: 1
      objectReference: {fileID: 0}
    - target: {fileID: 5757798254083067252, guid: 753025ef6719d8346bb41afcc972be92,
        type: 3}
      propertyPath: m_RootOrder
      value: 4
      objectReference: {fileID: 0}
    - target: {fileID: 5757798254083067252, guid: 753025ef6719d8346bb41afcc972be92,
        type: 3}
      propertyPath: m_LocalEulerAnglesHint.x
      value: 0
      objectReference: {fileID: 0}
    - target: {fileID: 5757798254083067252, guid: 753025ef6719d8346bb41afcc972be92,
        type: 3}
      propertyPath: m_LocalEulerAnglesHint.y
      value: 0
      objectReference: {fileID: 0}
    - target: {fileID: 5757798254083067252, guid: 753025ef6719d8346bb41afcc972be92,
        type: 3}
      propertyPath: m_LocalEulerAnglesHint.z
      value: 0
      objectReference: {fileID: 0}
    m_RemovedComponents: []
  m_SourcePrefab: {fileID: 100100000, guid: 753025ef6719d8346bb41afcc972be92, type: 3}
--- !u!4 &924348384 stripped
Transform:
  m_CorrespondingSourceObject: {fileID: 5757798254083067252, guid: 753025ef6719d8346bb41afcc972be92,
    type: 3}
  m_PrefabInstance: {fileID: 924348383}
  m_PrefabAsset: {fileID: 0}
--- !u!1001 &1120124204
PrefabInstance:
  m_ObjectHideFlags: 0
  serializedVersion: 2
  m_Modification:
    m_TransformParent: {fileID: 124125442}
    m_Modifications:
    - target: {fileID: 7893592882364465108, guid: 29ab72c97d4e2bf45b4fa39bd4a8bb3c,
        type: 3}
      propertyPath: m_Name
      value: Wall Variant 1 (4)
      objectReference: {fileID: 0}
    - target: {fileID: 7893592882364465109, guid: 29ab72c97d4e2bf45b4fa39bd4a8bb3c,
        type: 3}
      propertyPath: m_LocalPosition.x
      value: 4
      objectReference: {fileID: 0}
    - target: {fileID: 7893592882364465109, guid: 29ab72c97d4e2bf45b4fa39bd4a8bb3c,
        type: 3}
      propertyPath: m_LocalPosition.y
      value: -4
      objectReference: {fileID: 0}
    - target: {fileID: 7893592882364465109, guid: 29ab72c97d4e2bf45b4fa39bd4a8bb3c,
        type: 3}
      propertyPath: m_LocalPosition.z
      value: 0
      objectReference: {fileID: 0}
    - target: {fileID: 7893592882364465109, guid: 29ab72c97d4e2bf45b4fa39bd4a8bb3c,
        type: 3}
      propertyPath: m_LocalRotation.x
      value: -0
      objectReference: {fileID: 0}
    - target: {fileID: 7893592882364465109, guid: 29ab72c97d4e2bf45b4fa39bd4a8bb3c,
        type: 3}
      propertyPath: m_LocalRotation.y
      value: -0
      objectReference: {fileID: 0}
    - target: {fileID: 7893592882364465109, guid: 29ab72c97d4e2bf45b4fa39bd4a8bb3c,
        type: 3}
      propertyPath: m_LocalRotation.z
      value: -0
      objectReference: {fileID: 0}
    - target: {fileID: 7893592882364465109, guid: 29ab72c97d4e2bf45b4fa39bd4a8bb3c,
        type: 3}
      propertyPath: m_LocalRotation.w
      value: 1
      objectReference: {fileID: 0}
    - target: {fileID: 7893592882364465109, guid: 29ab72c97d4e2bf45b4fa39bd4a8bb3c,
        type: 3}
      propertyPath: m_RootOrder
      value: 11
      objectReference: {fileID: 0}
    - target: {fileID: 7893592882364465109, guid: 29ab72c97d4e2bf45b4fa39bd4a8bb3c,
        type: 3}
      propertyPath: m_LocalEulerAnglesHint.x
      value: 0
      objectReference: {fileID: 0}
    - target: {fileID: 7893592882364465109, guid: 29ab72c97d4e2bf45b4fa39bd4a8bb3c,
        type: 3}
      propertyPath: m_LocalEulerAnglesHint.y
      value: 0
      objectReference: {fileID: 0}
    - target: {fileID: 7893592882364465109, guid: 29ab72c97d4e2bf45b4fa39bd4a8bb3c,
        type: 3}
      propertyPath: m_LocalEulerAnglesHint.z
      value: 0
      objectReference: {fileID: 0}
    m_RemovedComponents: []
  m_SourcePrefab: {fileID: 100100000, guid: 29ab72c97d4e2bf45b4fa39bd4a8bb3c, type: 3}
--- !u!4 &1120124205 stripped
Transform:
  m_CorrespondingSourceObject: {fileID: 7893592882364465109, guid: 29ab72c97d4e2bf45b4fa39bd4a8bb3c,
    type: 3}
  m_PrefabInstance: {fileID: 1120124204}
  m_PrefabAsset: {fileID: 0}
--- !u!1001 &1142615809
PrefabInstance:
  m_ObjectHideFlags: 0
  serializedVersion: 2
  m_Modification:
    m_TransformParent: {fileID: 124125442}
    m_Modifications:
    - target: {fileID: 7893592882364465108, guid: 29ab72c97d4e2bf45b4fa39bd4a8bb3c,
        type: 3}
      propertyPath: m_Name
      value: Wall Variant 1 (7)
      objectReference: {fileID: 0}
    - target: {fileID: 7893592882364465109, guid: 29ab72c97d4e2bf45b4fa39bd4a8bb3c,
        type: 3}
      propertyPath: m_LocalPosition.x
      value: 4
      objectReference: {fileID: 0}
    - target: {fileID: 7893592882364465109, guid: 29ab72c97d4e2bf45b4fa39bd4a8bb3c,
        type: 3}
      propertyPath: m_LocalPosition.y
      value: -7
      objectReference: {fileID: 0}
    - target: {fileID: 7893592882364465109, guid: 29ab72c97d4e2bf45b4fa39bd4a8bb3c,
        type: 3}
      propertyPath: m_LocalPosition.z
      value: 0
      objectReference: {fileID: 0}
    - target: {fileID: 7893592882364465109, guid: 29ab72c97d4e2bf45b4fa39bd4a8bb3c,
        type: 3}
      propertyPath: m_LocalRotation.x
      value: -0
      objectReference: {fileID: 0}
    - target: {fileID: 7893592882364465109, guid: 29ab72c97d4e2bf45b4fa39bd4a8bb3c,
        type: 3}
      propertyPath: m_LocalRotation.y
      value: -0
      objectReference: {fileID: 0}
    - target: {fileID: 7893592882364465109, guid: 29ab72c97d4e2bf45b4fa39bd4a8bb3c,
        type: 3}
      propertyPath: m_LocalRotation.z
      value: -0
      objectReference: {fileID: 0}
    - target: {fileID: 7893592882364465109, guid: 29ab72c97d4e2bf45b4fa39bd4a8bb3c,
        type: 3}
      propertyPath: m_LocalRotation.w
      value: 1
      objectReference: {fileID: 0}
    - target: {fileID: 7893592882364465109, guid: 29ab72c97d4e2bf45b4fa39bd4a8bb3c,
        type: 3}
      propertyPath: m_RootOrder
      value: 14
      objectReference: {fileID: 0}
    - target: {fileID: 7893592882364465109, guid: 29ab72c97d4e2bf45b4fa39bd4a8bb3c,
        type: 3}
      propertyPath: m_LocalEulerAnglesHint.x
      value: 0
      objectReference: {fileID: 0}
    - target: {fileID: 7893592882364465109, guid: 29ab72c97d4e2bf45b4fa39bd4a8bb3c,
        type: 3}
      propertyPath: m_LocalEulerAnglesHint.y
      value: 0
      objectReference: {fileID: 0}
    - target: {fileID: 7893592882364465109, guid: 29ab72c97d4e2bf45b4fa39bd4a8bb3c,
        type: 3}
      propertyPath: m_LocalEulerAnglesHint.z
      value: 0
      objectReference: {fileID: 0}
    m_RemovedComponents: []
  m_SourcePrefab: {fileID: 100100000, guid: 29ab72c97d4e2bf45b4fa39bd4a8bb3c, type: 3}
--- !u!4 &1142615810 stripped
Transform:
  m_CorrespondingSourceObject: {fileID: 7893592882364465109, guid: 29ab72c97d4e2bf45b4fa39bd4a8bb3c,
    type: 3}
  m_PrefabInstance: {fileID: 1142615809}
  m_PrefabAsset: {fileID: 0}
--- !u!1 &1195789914
GameObject:
  m_ObjectHideFlags: 0
  m_CorrespondingSourceObject: {fileID: 0}
  m_PrefabInstance: {fileID: 0}
  m_PrefabAsset: {fileID: 0}
  serializedVersion: 6
  m_Component:
  - component: {fileID: 1195789915}
  - component: {fileID: 1195789917}
  - component: {fileID: 1195789916}
  m_Layer: 0
  m_Name: boss-detourage
  m_TagString: Untagged
  m_Icon: {fileID: 0}
  m_NavMeshLayer: 0
  m_StaticEditorFlags: 0
  m_IsActive: 1
--- !u!4 &1195789915
Transform:
  m_ObjectHideFlags: 0
  m_CorrespondingSourceObject: {fileID: 0}
  m_PrefabInstance: {fileID: 0}
  m_PrefabAsset: {fileID: 0}
  m_GameObject: {fileID: 1195789914}
  m_LocalRotation: {x: -0, y: -0, z: -0, w: 1}
  m_LocalPosition: {x: 0, y: 0, z: 0}
  m_LocalScale: {x: 1, y: 1, z: 1}
  m_Children: []
  m_Father: {fileID: 124125442}
  m_RootOrder: 17
  m_LocalEulerAnglesHint: {x: 0, y: 0, z: 0}
--- !u!114 &1195789916
MonoBehaviour:
  m_ObjectHideFlags: 0
  m_CorrespondingSourceObject: {fileID: 0}
  m_PrefabInstance: {fileID: 0}
  m_PrefabAsset: {fileID: 0}
  m_GameObject: {fileID: 1195789914}
  m_Enabled: 1
  m_EditorHideFlags: 0
  m_Script: {fileID: 11500000, guid: 9d94050fa67b2634bbfd632521526452, type: 3}
  m_Name: 
  m_EditorClassIdentifier: 
  m_XAmplitude: 1
  m_YAmplitude: 1
  m_XFrequency: 0.25
  m_YFrequency: 0.1
--- !u!212 &1195789917
SpriteRenderer:
  m_ObjectHideFlags: 0
  m_CorrespondingSourceObject: {fileID: 0}
  m_PrefabInstance: {fileID: 0}
  m_PrefabAsset: {fileID: 0}
  m_GameObject: {fileID: 1195789914}
  m_Enabled: 1
  m_CastShadows: 0
  m_ReceiveShadows: 0
  m_DynamicOccludee: 1
  m_MotionVectors: 1
  m_LightProbeUsage: 1
  m_ReflectionProbeUsage: 1
  m_RenderingLayerMask: 1
  m_RendererPriority: 0
  m_Materials:
  - {fileID: 10754, guid: 0000000000000000f000000000000000, type: 0}
  m_StaticBatchInfo:
    firstSubMesh: 0
    subMeshCount: 0
  m_StaticBatchRoot: {fileID: 0}
  m_ProbeAnchor: {fileID: 0}
  m_LightProbeVolumeOverride: {fileID: 0}
  m_ScaleInLightmap: 1
  m_PreserveUVs: 0
  m_IgnoreNormalsForChartDetection: 0
  m_ImportantGI: 0
  m_StitchLightmapSeams: 1
  m_SelectedEditorRenderState: 0
  m_MinimumChartSize: 4
  m_AutoUVMaxDistance: 0.5
  m_AutoUVMaxAngle: 89
  m_LightmapParameters: {fileID: 0}
  m_SortingLayerID: 0
  m_SortingLayer: 0
  m_SortingOrder: -1
  m_Sprite: {fileID: 21300000, guid: b68a36fe85a606b4db8f3ad5af30de0b, type: 3}
  m_Color: {r: 1, g: 1, b: 1, a: 0.2509804}
  m_FlipX: 0
  m_FlipY: 0
  m_DrawMode: 0
  m_Size: {x: 3, y: 3}
  m_AdaptiveModeThreshold: 0.5
  m_SpriteTileMode: 0
  m_WasSpriteAssigned: 1
  m_MaskInteraction: 0
  m_SpriteSortPoint: 0
--- !u!1001 &1578537982
PrefabInstance:
  m_ObjectHideFlags: 0
  serializedVersion: 2
  m_Modification:
    m_TransformParent: {fileID: 124125442}
    m_Modifications:
    - target: {fileID: 7893592882364465108, guid: 29ab72c97d4e2bf45b4fa39bd4a8bb3c,
        type: 3}
      propertyPath: m_Name
      value: Wall Variant 1 (5)
      objectReference: {fileID: 0}
    - target: {fileID: 7893592882364465109, guid: 29ab72c97d4e2bf45b4fa39bd4a8bb3c,
        type: 3}
      propertyPath: m_LocalPosition.x
      value: 4
      objectReference: {fileID: 0}
    - target: {fileID: 7893592882364465109, guid: 29ab72c97d4e2bf45b4fa39bd4a8bb3c,
        type: 3}
      propertyPath: m_LocalPosition.y
      value: -5
      objectReference: {fileID: 0}
    - target: {fileID: 7893592882364465109, guid: 29ab72c97d4e2bf45b4fa39bd4a8bb3c,
        type: 3}
      propertyPath: m_LocalPosition.z
      value: 0
      objectReference: {fileID: 0}
    - target: {fileID: 7893592882364465109, guid: 29ab72c97d4e2bf45b4fa39bd4a8bb3c,
        type: 3}
      propertyPath: m_LocalRotation.x
      value: -0
      objectReference: {fileID: 0}
    - target: {fileID: 7893592882364465109, guid: 29ab72c97d4e2bf45b4fa39bd4a8bb3c,
        type: 3}
      propertyPath: m_LocalRotation.y
      value: -0
      objectReference: {fileID: 0}
    - target: {fileID: 7893592882364465109, guid: 29ab72c97d4e2bf45b4fa39bd4a8bb3c,
        type: 3}
      propertyPath: m_LocalRotation.z
      value: -0
      objectReference: {fileID: 0}
    - target: {fileID: 7893592882364465109, guid: 29ab72c97d4e2bf45b4fa39bd4a8bb3c,
        type: 3}
      propertyPath: m_LocalRotation.w
      value: 1
      objectReference: {fileID: 0}
    - target: {fileID: 7893592882364465109, guid: 29ab72c97d4e2bf45b4fa39bd4a8bb3c,
        type: 3}
      propertyPath: m_RootOrder
      value: 12
      objectReference: {fileID: 0}
    - target: {fileID: 7893592882364465109, guid: 29ab72c97d4e2bf45b4fa39bd4a8bb3c,
        type: 3}
      propertyPath: m_LocalEulerAnglesHint.x
      value: 0
      objectReference: {fileID: 0}
    - target: {fileID: 7893592882364465109, guid: 29ab72c97d4e2bf45b4fa39bd4a8bb3c,
        type: 3}
      propertyPath: m_LocalEulerAnglesHint.y
      value: 0
      objectReference: {fileID: 0}
    - target: {fileID: 7893592882364465109, guid: 29ab72c97d4e2bf45b4fa39bd4a8bb3c,
        type: 3}
      propertyPath: m_LocalEulerAnglesHint.z
      value: 0
      objectReference: {fileID: 0}
    m_RemovedComponents: []
  m_SourcePrefab: {fileID: 100100000, guid: 29ab72c97d4e2bf45b4fa39bd4a8bb3c, type: 3}
--- !u!4 &1578537983 stripped
Transform:
  m_CorrespondingSourceObject: {fileID: 7893592882364465109, guid: 29ab72c97d4e2bf45b4fa39bd4a8bb3c,
    type: 3}
  m_PrefabInstance: {fileID: 1578537982}
  m_PrefabAsset: {fileID: 0}
--- !u!1001 &1580978416
PrefabInstance:
  m_ObjectHideFlags: 0
  serializedVersion: 2
  m_Modification:
    m_TransformParent: {fileID: 124125442}
    m_Modifications:
    - target: {fileID: 3690759779920761772, guid: a0a8f501335679846a8a67839fd5b22b,
        type: 3}
      propertyPath: m_Name
      value: Wall Variant 2 (1)
      objectReference: {fileID: 0}
    - target: {fileID: 3690759779920761773, guid: a0a8f501335679846a8a67839fd5b22b,
        type: 3}
      propertyPath: m_LocalPosition.x
      value: 4
      objectReference: {fileID: 0}
    - target: {fileID: 3690759779920761773, guid: a0a8f501335679846a8a67839fd5b22b,
        type: 3}
      propertyPath: m_LocalPosition.y
      value: -2
      objectReference: {fileID: 0}
    - target: {fileID: 3690759779920761773, guid: a0a8f501335679846a8a67839fd5b22b,
        type: 3}
      propertyPath: m_LocalPosition.z
      value: 0
      objectReference: {fileID: 0}
    - target: {fileID: 3690759779920761773, guid: a0a8f501335679846a8a67839fd5b22b,
        type: 3}
      propertyPath: m_LocalRotation.x
      value: -0
      objectReference: {fileID: 0}
    - target: {fileID: 3690759779920761773, guid: a0a8f501335679846a8a67839fd5b22b,
        type: 3}
      propertyPath: m_LocalRotation.y
      value: -0
      objectReference: {fileID: 0}
    - target: {fileID: 3690759779920761773, guid: a0a8f501335679846a8a67839fd5b22b,
        type: 3}
      propertyPath: m_LocalRotation.z
      value: -0
      objectReference: {fileID: 0}
    - target: {fileID: 3690759779920761773, guid: a0a8f501335679846a8a67839fd5b22b,
        type: 3}
      propertyPath: m_LocalRotation.w
      value: 1
      objectReference: {fileID: 0}
    - target: {fileID: 3690759779920761773, guid: a0a8f501335679846a8a67839fd5b22b,
        type: 3}
      propertyPath: m_RootOrder
      value: 6
      objectReference: {fileID: 0}
    - target: {fileID: 3690759779920761773, guid: a0a8f501335679846a8a67839fd5b22b,
        type: 3}
      propertyPath: m_LocalEulerAnglesHint.x
      value: 0
      objectReference: {fileID: 0}
    - target: {fileID: 3690759779920761773, guid: a0a8f501335679846a8a67839fd5b22b,
        type: 3}
      propertyPath: m_LocalEulerAnglesHint.y
      value: 0
      objectReference: {fileID: 0}
    - target: {fileID: 3690759779920761773, guid: a0a8f501335679846a8a67839fd5b22b,
        type: 3}
      propertyPath: m_LocalEulerAnglesHint.z
      value: 0
      objectReference: {fileID: 0}
    m_RemovedComponents: []
  m_SourcePrefab: {fileID: 100100000, guid: a0a8f501335679846a8a67839fd5b22b, type: 3}
--- !u!4 &1580978417 stripped
Transform:
  m_CorrespondingSourceObject: {fileID: 3690759779920761773, guid: a0a8f501335679846a8a67839fd5b22b,
    type: 3}
  m_PrefabInstance: {fileID: 1580978416}
  m_PrefabAsset: {fileID: 0}
--- !u!1001 &1626285948
PrefabInstance:
  m_ObjectHideFlags: 0
  serializedVersion: 2
  m_Modification:
    m_TransformParent: {fileID: 124125442}
    m_Modifications:
    - target: {fileID: 5966837641721628959, guid: f262b00fa9d57e345bde794b3dda0620,
        type: 3}
      propertyPath: m_Name
      value: Floor Variant 2
      objectReference: {fileID: 0}
    - target: {fileID: 5966837641721628946, guid: f262b00fa9d57e345bde794b3dda0620,
        type: 3}
      propertyPath: m_LocalPosition.x
      value: -4
      objectReference: {fileID: 0}
    - target: {fileID: 5966837641721628946, guid: f262b00fa9d57e345bde794b3dda0620,
        type: 3}
      propertyPath: m_LocalPosition.y
      value: -1
      objectReference: {fileID: 0}
    - target: {fileID: 5966837641721628946, guid: f262b00fa9d57e345bde794b3dda0620,
        type: 3}
      propertyPath: m_LocalPosition.z
      value: 0
      objectReference: {fileID: 0}
    - target: {fileID: 5966837641721628946, guid: f262b00fa9d57e345bde794b3dda0620,
        type: 3}
      propertyPath: m_LocalRotation.x
      value: -0
      objectReference: {fileID: 0}
    - target: {fileID: 5966837641721628946, guid: f262b00fa9d57e345bde794b3dda0620,
        type: 3}
      propertyPath: m_LocalRotation.y
      value: -0
      objectReference: {fileID: 0}
    - target: {fileID: 5966837641721628946, guid: f262b00fa9d57e345bde794b3dda0620,
        type: 3}
      propertyPath: m_LocalRotation.z
      value: -0
      objectReference: {fileID: 0}
    - target: {fileID: 5966837641721628946, guid: f262b00fa9d57e345bde794b3dda0620,
        type: 3}
      propertyPath: m_LocalRotation.w
      value: 1
      objectReference: {fileID: 0}
    - target: {fileID: 5966837641721628946, guid: f262b00fa9d57e345bde794b3dda0620,
        type: 3}
      propertyPath: m_RootOrder
      value: 3
      objectReference: {fileID: 0}
    - target: {fileID: 5966837641721628946, guid: f262b00fa9d57e345bde794b3dda0620,
        type: 3}
      propertyPath: m_LocalEulerAnglesHint.x
      value: 0
      objectReference: {fileID: 0}
    - target: {fileID: 5966837641721628946, guid: f262b00fa9d57e345bde794b3dda0620,
        type: 3}
      propertyPath: m_LocalEulerAnglesHint.y
      value: 0
      objectReference: {fileID: 0}
    - target: {fileID: 5966837641721628946, guid: f262b00fa9d57e345bde794b3dda0620,
        type: 3}
      propertyPath: m_LocalEulerAnglesHint.z
      value: 0
      objectReference: {fileID: 0}
    m_RemovedComponents: []
  m_SourcePrefab: {fileID: 100100000, guid: f262b00fa9d57e345bde794b3dda0620, type: 3}
--- !u!4 &1626285949 stripped
Transform:
  m_CorrespondingSourceObject: {fileID: 5966837641721628946, guid: f262b00fa9d57e345bde794b3dda0620,
    type: 3}
  m_PrefabInstance: {fileID: 1626285948}
  m_PrefabAsset: {fileID: 0}
--- !u!1001 &1637524917
PrefabInstance:
  m_ObjectHideFlags: 0
  serializedVersion: 2
  m_Modification:
    m_TransformParent: {fileID: 124125442}
    m_Modifications:
    - target: {fileID: 7893592882364465108, guid: 29ab72c97d4e2bf45b4fa39bd4a8bb3c,
        type: 3}
      propertyPath: m_Name
      value: Wall Variant 1 (6)
      objectReference: {fileID: 0}
    - target: {fileID: 7893592882364465109, guid: 29ab72c97d4e2bf45b4fa39bd4a8bb3c,
        type: 3}
      propertyPath: m_LocalPosition.x
      value: 4
      objectReference: {fileID: 0}
    - target: {fileID: 7893592882364465109, guid: 29ab72c97d4e2bf45b4fa39bd4a8bb3c,
        type: 3}
      propertyPath: m_LocalPosition.y
      value: -6
      objectReference: {fileID: 0}
    - target: {fileID: 7893592882364465109, guid: 29ab72c97d4e2bf45b4fa39bd4a8bb3c,
        type: 3}
      propertyPath: m_LocalPosition.z
      value: 0
      objectReference: {fileID: 0}
    - target: {fileID: 7893592882364465109, guid: 29ab72c97d4e2bf45b4fa39bd4a8bb3c,
        type: 3}
      propertyPath: m_LocalRotation.x
      value: -0
      objectReference: {fileID: 0}
    - target: {fileID: 7893592882364465109, guid: 29ab72c97d4e2bf45b4fa39bd4a8bb3c,
        type: 3}
      propertyPath: m_LocalRotation.y
      value: -0
      objectReference: {fileID: 0}
    - target: {fileID: 7893592882364465109, guid: 29ab72c97d4e2bf45b4fa39bd4a8bb3c,
        type: 3}
      propertyPath: m_LocalRotation.z
      value: -0
      objectReference: {fileID: 0}
    - target: {fileID: 7893592882364465109, guid: 29ab72c97d4e2bf45b4fa39bd4a8bb3c,
        type: 3}
      propertyPath: m_LocalRotation.w
      value: 1
      objectReference: {fileID: 0}
    - target: {fileID: 7893592882364465109, guid: 29ab72c97d4e2bf45b4fa39bd4a8bb3c,
        type: 3}
      propertyPath: m_RootOrder
      value: 13
      objectReference: {fileID: 0}
    - target: {fileID: 7893592882364465109, guid: 29ab72c97d4e2bf45b4fa39bd4a8bb3c,
        type: 3}
      propertyPath: m_LocalEulerAnglesHint.x
      value: 0
      objectReference: {fileID: 0}
    - target: {fileID: 7893592882364465109, guid: 29ab72c97d4e2bf45b4fa39bd4a8bb3c,
        type: 3}
      propertyPath: m_LocalEulerAnglesHint.y
      value: 0
      objectReference: {fileID: 0}
    - target: {fileID: 7893592882364465109, guid: 29ab72c97d4e2bf45b4fa39bd4a8bb3c,
        type: 3}
      propertyPath: m_LocalEulerAnglesHint.z
      value: 0
      objectReference: {fileID: 0}
    m_RemovedComponents: []
  m_SourcePrefab: {fileID: 100100000, guid: 29ab72c97d4e2bf45b4fa39bd4a8bb3c, type: 3}
--- !u!4 &1637524918 stripped
Transform:
  m_CorrespondingSourceObject: {fileID: 7893592882364465109, guid: 29ab72c97d4e2bf45b4fa39bd4a8bb3c,
    type: 3}
  m_PrefabInstance: {fileID: 1637524917}
  m_PrefabAsset: {fileID: 0}
--- !u!1001 &1662931681
PrefabInstance:
  m_ObjectHideFlags: 0
  serializedVersion: 2
  m_Modification:
    m_TransformParent: {fileID: 124125442}
    m_Modifications:
    - target: {fileID: 7893592882364465108, guid: 29ab72c97d4e2bf45b4fa39bd4a8bb3c,
        type: 3}
      propertyPath: m_Name
      value: Wall Variant 1
      objectReference: {fileID: 0}
    - target: {fileID: 7893592882364465109, guid: 29ab72c97d4e2bf45b4fa39bd4a8bb3c,
        type: 3}
      propertyPath: m_LocalPosition.x
      value: -4
      objectReference: {fileID: 0}
    - target: {fileID: 7893592882364465109, guid: 29ab72c97d4e2bf45b4fa39bd4a8bb3c,
        type: 3}
      propertyPath: m_LocalPosition.y
      value: -3
      objectReference: {fileID: 0}
    - target: {fileID: 7893592882364465109, guid: 29ab72c97d4e2bf45b4fa39bd4a8bb3c,
        type: 3}
      propertyPath: m_LocalPosition.z
      value: 0
      objectReference: {fileID: 0}
    - target: {fileID: 7893592882364465109, guid: 29ab72c97d4e2bf45b4fa39bd4a8bb3c,
        type: 3}
      propertyPath: m_LocalRotation.x
      value: -0
      objectReference: {fileID: 0}
    - target: {fileID: 7893592882364465109, guid: 29ab72c97d4e2bf45b4fa39bd4a8bb3c,
        type: 3}
      propertyPath: m_LocalRotation.y
      value: -0
      objectReference: {fileID: 0}
    - target: {fileID: 7893592882364465109, guid: 29ab72c97d4e2bf45b4fa39bd4a8bb3c,
        type: 3}
      propertyPath: m_LocalRotation.z
      value: -0
      objectReference: {fileID: 0}
    - target: {fileID: 7893592882364465109, guid: 29ab72c97d4e2bf45b4fa39bd4a8bb3c,
        type: 3}
      propertyPath: m_LocalRotation.w
      value: 1
      objectReference: {fileID: 0}
    - target: {fileID: 7893592882364465109, guid: 29ab72c97d4e2bf45b4fa39bd4a8bb3c,
        type: 3}
      propertyPath: m_RootOrder
      value: 7
      objectReference: {fileID: 0}
    - target: {fileID: 7893592882364465109, guid: 29ab72c97d4e2bf45b4fa39bd4a8bb3c,
        type: 3}
      propertyPath: m_LocalEulerAnglesHint.x
      value: 0
      objectReference: {fileID: 0}
    - target: {fileID: 7893592882364465109, guid: 29ab72c97d4e2bf45b4fa39bd4a8bb3c,
        type: 3}
      propertyPath: m_LocalEulerAnglesHint.y
      value: 0
      objectReference: {fileID: 0}
    - target: {fileID: 7893592882364465109, guid: 29ab72c97d4e2bf45b4fa39bd4a8bb3c,
        type: 3}
      propertyPath: m_LocalEulerAnglesHint.z
      value: 0
      objectReference: {fileID: 0}
    m_RemovedComponents: []
  m_SourcePrefab: {fileID: 100100000, guid: 29ab72c97d4e2bf45b4fa39bd4a8bb3c, type: 3}
--- !u!4 &1662931682 stripped
Transform:
  m_CorrespondingSourceObject: {fileID: 7893592882364465109, guid: 29ab72c97d4e2bf45b4fa39bd4a8bb3c,
    type: 3}
  m_PrefabInstance: {fileID: 1662931681}
  m_PrefabAsset: {fileID: 0}
--- !u!1001 &1712513555
PrefabInstance:
  m_ObjectHideFlags: 0
  serializedVersion: 2
  m_Modification:
    m_TransformParent: {fileID: 124125442}
    m_Modifications:
    - target: {fileID: 7893592882364465108, guid: 29ab72c97d4e2bf45b4fa39bd4a8bb3c,
        type: 3}
      propertyPath: m_Name
      value: Wall Variant 1 (2)
      objectReference: {fileID: 0}
    - target: {fileID: 7893592882364465109, guid: 29ab72c97d4e2bf45b4fa39bd4a8bb3c,
        type: 3}
      propertyPath: m_LocalPosition.x
      value: -4
      objectReference: {fileID: 0}
    - target: {fileID: 7893592882364465109, guid: 29ab72c97d4e2bf45b4fa39bd4a8bb3c,
        type: 3}
      propertyPath: m_LocalPosition.y
      value: -5
      objectReference: {fileID: 0}
    - target: {fileID: 7893592882364465109, guid: 29ab72c97d4e2bf45b4fa39bd4a8bb3c,
        type: 3}
      propertyPath: m_LocalPosition.z
      value: 0
      objectReference: {fileID: 0}
    - target: {fileID: 7893592882364465109, guid: 29ab72c97d4e2bf45b4fa39bd4a8bb3c,
        type: 3}
      propertyPath: m_LocalRotation.x
      value: -0
      objectReference: {fileID: 0}
    - target: {fileID: 7893592882364465109, guid: 29ab72c97d4e2bf45b4fa39bd4a8bb3c,
        type: 3}
      propertyPath: m_LocalRotation.y
      value: -0
      objectReference: {fileID: 0}
    - target: {fileID: 7893592882364465109, guid: 29ab72c97d4e2bf45b4fa39bd4a8bb3c,
        type: 3}
      propertyPath: m_LocalRotation.z
      value: -0
      objectReference: {fileID: 0}
    - target: {fileID: 7893592882364465109, guid: 29ab72c97d4e2bf45b4fa39bd4a8bb3c,
        type: 3}
      propertyPath: m_LocalRotation.w
      value: 1
      objectReference: {fileID: 0}
    - target: {fileID: 7893592882364465109, guid: 29ab72c97d4e2bf45b4fa39bd4a8bb3c,
        type: 3}
      propertyPath: m_RootOrder
      value: 9
      objectReference: {fileID: 0}
    - target: {fileID: 7893592882364465109, guid: 29ab72c97d4e2bf45b4fa39bd4a8bb3c,
        type: 3}
      propertyPath: m_LocalEulerAnglesHint.x
      value: 0
      objectReference: {fileID: 0}
    - target: {fileID: 7893592882364465109, guid: 29ab72c97d4e2bf45b4fa39bd4a8bb3c,
        type: 3}
      propertyPath: m_LocalEulerAnglesHint.y
      value: 0
      objectReference: {fileID: 0}
    - target: {fileID: 7893592882364465109, guid: 29ab72c97d4e2bf45b4fa39bd4a8bb3c,
        type: 3}
      propertyPath: m_LocalEulerAnglesHint.z
      value: 0
      objectReference: {fileID: 0}
    m_RemovedComponents: []
  m_SourcePrefab: {fileID: 100100000, guid: 29ab72c97d4e2bf45b4fa39bd4a8bb3c, type: 3}
--- !u!4 &1712513556 stripped
Transform:
  m_CorrespondingSourceObject: {fileID: 7893592882364465109, guid: 29ab72c97d4e2bf45b4fa39bd4a8bb3c,
    type: 3}
  m_PrefabInstance: {fileID: 1712513555}
  m_PrefabAsset: {fileID: 0}
--- !u!1001 &1785105223
PrefabInstance:
  m_ObjectHideFlags: 0
  serializedVersion: 2
  m_Modification:
    m_TransformParent: {fileID: 124125442}
    m_Modifications:
    - target: {fileID: 7893592882364465108, guid: 29ab72c97d4e2bf45b4fa39bd4a8bb3c,
        type: 3}
      propertyPath: m_Name
      value: Wall Variant 1 (8)
      objectReference: {fileID: 0}
    - target: {fileID: 7893592882364465109, guid: 29ab72c97d4e2bf45b4fa39bd4a8bb3c,
        type: 3}
      propertyPath: m_LocalPosition.x
      value: -4
      objectReference: {fileID: 0}
    - target: {fileID: 7893592882364465109, guid: 29ab72c97d4e2bf45b4fa39bd4a8bb3c,
        type: 3}
      propertyPath: m_LocalPosition.y
      value: -6
      objectReference: {fileID: 0}
    - target: {fileID: 7893592882364465109, guid: 29ab72c97d4e2bf45b4fa39bd4a8bb3c,
        type: 3}
      propertyPath: m_LocalPosition.z
      value: 0
      objectReference: {fileID: 0}
    - target: {fileID: 7893592882364465109, guid: 29ab72c97d4e2bf45b4fa39bd4a8bb3c,
        type: 3}
      propertyPath: m_LocalRotation.x
      value: -0
      objectReference: {fileID: 0}
    - target: {fileID: 7893592882364465109, guid: 29ab72c97d4e2bf45b4fa39bd4a8bb3c,
        type: 3}
      propertyPath: m_LocalRotation.y
      value: -0
      objectReference: {fileID: 0}
    - target: {fileID: 7893592882364465109, guid: 29ab72c97d4e2bf45b4fa39bd4a8bb3c,
        type: 3}
      propertyPath: m_LocalRotation.z
      value: -0
      objectReference: {fileID: 0}
    - target: {fileID: 7893592882364465109, guid: 29ab72c97d4e2bf45b4fa39bd4a8bb3c,
        type: 3}
      propertyPath: m_LocalRotation.w
      value: 1
      objectReference: {fileID: 0}
    - target: {fileID: 7893592882364465109, guid: 29ab72c97d4e2bf45b4fa39bd4a8bb3c,
        type: 3}
      propertyPath: m_RootOrder
      value: 15
      objectReference: {fileID: 0}
    - target: {fileID: 7893592882364465109, guid: 29ab72c97d4e2bf45b4fa39bd4a8bb3c,
        type: 3}
      propertyPath: m_LocalEulerAnglesHint.x
      value: 0
      objectReference: {fileID: 0}
    - target: {fileID: 7893592882364465109, guid: 29ab72c97d4e2bf45b4fa39bd4a8bb3c,
        type: 3}
      propertyPath: m_LocalEulerAnglesHint.y
      value: 0
      objectReference: {fileID: 0}
    - target: {fileID: 7893592882364465109, guid: 29ab72c97d4e2bf45b4fa39bd4a8bb3c,
        type: 3}
      propertyPath: m_LocalEulerAnglesHint.z
      value: 0
      objectReference: {fileID: 0}
    m_RemovedComponents: []
  m_SourcePrefab: {fileID: 100100000, guid: 29ab72c97d4e2bf45b4fa39bd4a8bb3c, type: 3}
--- !u!4 &1785105224 stripped
Transform:
  m_CorrespondingSourceObject: {fileID: 7893592882364465109, guid: 29ab72c97d4e2bf45b4fa39bd4a8bb3c,
    type: 3}
  m_PrefabInstance: {fileID: 1785105223}
  m_PrefabAsset: {fileID: 0}
--- !u!1001 &1792140470
PrefabInstance:
  m_ObjectHideFlags: 0
  serializedVersion: 2
  m_Modification:
    m_TransformParent: {fileID: 0}
    m_Modifications:
    - target: {fileID: 2975635207875700430, guid: 919b55bf98bfe1344887e7944f256ff6,
        type: 3}
      propertyPath: m_Name
      value: Main Camera
      objectReference: {fileID: 0}
    - target: {fileID: 2975635207875700429, guid: 919b55bf98bfe1344887e7944f256ff6,
        type: 3}
      propertyPath: m_LocalPosition.x
      value: 0
      objectReference: {fileID: 0}
    - target: {fileID: 2975635207875700429, guid: 919b55bf98bfe1344887e7944f256ff6,
        type: 3}
      propertyPath: m_LocalPosition.y
      value: 0
      objectReference: {fileID: 0}
    - target: {fileID: 2975635207875700429, guid: 919b55bf98bfe1344887e7944f256ff6,
        type: 3}
      propertyPath: m_LocalPosition.z
      value: -10
      objectReference: {fileID: 0}
    - target: {fileID: 2975635207875700429, guid: 919b55bf98bfe1344887e7944f256ff6,
        type: 3}
      propertyPath: m_LocalRotation.x
      value: -0
      objectReference: {fileID: 0}
    - target: {fileID: 2975635207875700429, guid: 919b55bf98bfe1344887e7944f256ff6,
        type: 3}
      propertyPath: m_LocalRotation.y
      value: -0
      objectReference: {fileID: 0}
    - target: {fileID: 2975635207875700429, guid: 919b55bf98bfe1344887e7944f256ff6,
        type: 3}
      propertyPath: m_LocalRotation.z
      value: -0
      objectReference: {fileID: 0}
    - target: {fileID: 2975635207875700429, guid: 919b55bf98bfe1344887e7944f256ff6,
        type: 3}
      propertyPath: m_LocalRotation.w
      value: 1
      objectReference: {fileID: 0}
    - target: {fileID: 2975635207875700429, guid: 919b55bf98bfe1344887e7944f256ff6,
        type: 3}
      propertyPath: m_RootOrder
      value: 0
      objectReference: {fileID: 0}
    - target: {fileID: 2975635207875700429, guid: 919b55bf98bfe1344887e7944f256ff6,
        type: 3}
      propertyPath: m_LocalEulerAnglesHint.x
      value: 0
      objectReference: {fileID: 0}
    - target: {fileID: 2975635207875700429, guid: 919b55bf98bfe1344887e7944f256ff6,
        type: 3}
      propertyPath: m_LocalEulerAnglesHint.y
      value: 0
      objectReference: {fileID: 0}
    - target: {fileID: 2975635207875700429, guid: 919b55bf98bfe1344887e7944f256ff6,
        type: 3}
      propertyPath: m_LocalEulerAnglesHint.z
      value: 0
      objectReference: {fileID: 0}
    - target: {fileID: 2975635207875700428, guid: 919b55bf98bfe1344887e7944f256ff6,
        type: 3}
      propertyPath: orthographic size
      value: 5
      objectReference: {fileID: 0}
    - target: {fileID: 2975635207875700428, guid: 919b55bf98bfe1344887e7944f256ff6,
        type: 3}
      propertyPath: m_NormalizedViewPortRect.x
      value: 0
      objectReference: {fileID: 0}
    - target: {fileID: 2975635207875700428, guid: 919b55bf98bfe1344887e7944f256ff6,
        type: 3}
      propertyPath: m_NormalizedViewPortRect.y
      value: 0
      objectReference: {fileID: 0}
    - target: {fileID: 2975635207875700428, guid: 919b55bf98bfe1344887e7944f256ff6,
        type: 3}
      propertyPath: m_NormalizedViewPortRect.width
      value: 1
      objectReference: {fileID: 0}
    - target: {fileID: 2975635207875700428, guid: 919b55bf98bfe1344887e7944f256ff6,
        type: 3}
      propertyPath: m_NormalizedViewPortRect.height
      value: 1
      objectReference: {fileID: 0}
    - target: {fileID: 2975635207875700428, guid: 919b55bf98bfe1344887e7944f256ff6,
        type: 3}
      propertyPath: m_ForceIntoRT
      value: 0
      objectReference: {fileID: 0}
    - target: {fileID: 2975635207875700434, guid: 919b55bf98bfe1344887e7944f256ff6,
        type: 3}
      propertyPath: m_StretchFill
      value: 0
      objectReference: {fileID: 0}
    m_RemovedComponents: []
  m_SourcePrefab: {fileID: 100100000, guid: 919b55bf98bfe1344887e7944f256ff6, type: 3}
--- !u!20 &1792140471 stripped
Camera:
  m_CorrespondingSourceObject: {fileID: 2975635207875700428, guid: 919b55bf98bfe1344887e7944f256ff6,
    type: 3}
  m_PrefabInstance: {fileID: 1792140470}
  m_PrefabAsset: {fileID: 0}
--- !u!1 &1827456406 stripped
GameObject:
  m_CorrespondingSourceObject: {fileID: 1452012330481402, guid: 8d6c5a64395cc7a45b8b0689bad9864c,
    type: 3}
  m_PrefabInstance: {fileID: 293411549}
  m_PrefabAsset: {fileID: 0}
--- !u!1 &1888791060
GameObject:
  m_ObjectHideFlags: 0
  m_CorrespondingSourceObject: {fileID: 0}
  m_PrefabInstance: {fileID: 0}
  m_PrefabAsset: {fileID: 0}
  serializedVersion: 6
  m_Component:
  - component: {fileID: 1888791063}
  - component: {fileID: 1888791062}
  - component: {fileID: 1888791061}
  m_Layer: 0
  m_Name: AndDipper
  m_TagString: Untagged
  m_Icon: {fileID: 0}
  m_NavMeshLayer: 0
  m_StaticEditorFlags: 0
  m_IsActive: 1
--- !u!95 &1888791061
Animator:
  serializedVersion: 3
  m_ObjectHideFlags: 0
  m_CorrespondingSourceObject: {fileID: 0}
  m_PrefabInstance: {fileID: 0}
  m_PrefabAsset: {fileID: 0}
  m_GameObject: {fileID: 1888791060}
  m_Enabled: 1
  m_Avatar: {fileID: 0}
  m_Controller: {fileID: 9100000, guid: af93e26c3550ae540a52a839ddb3ca20, type: 2}
  m_CullingMode: 0
  m_UpdateMode: 0
  m_ApplyRootMotion: 0
  m_LinearVelocityBlending: 0
  m_WarningMessage: 
  m_HasTransformHierarchy: 1
  m_AllowConstantClipSamplingOptimization: 1
  m_KeepAnimatorControllerStateOnDisable: 0
--- !u!212 &1888791062
SpriteRenderer:
  m_ObjectHideFlags: 0
  m_CorrespondingSourceObject: {fileID: 0}
  m_PrefabInstance: {fileID: 0}
  m_PrefabAsset: {fileID: 0}
  m_GameObject: {fileID: 1888791060}
  m_Enabled: 1
  m_CastShadows: 0
  m_ReceiveShadows: 0
  m_DynamicOccludee: 1
  m_MotionVectors: 1
  m_LightProbeUsage: 1
  m_ReflectionProbeUsage: 1
  m_RenderingLayerMask: 1
  m_RendererPriority: 0
  m_Materials:
  - {fileID: 10754, guid: 0000000000000000f000000000000000, type: 0}
  m_StaticBatchInfo:
    firstSubMesh: 0
    subMeshCount: 0
  m_StaticBatchRoot: {fileID: 0}
  m_ProbeAnchor: {fileID: 0}
  m_LightProbeVolumeOverride: {fileID: 0}
  m_ScaleInLightmap: 1
  m_PreserveUVs: 0
  m_IgnoreNormalsForChartDetection: 0
  m_ImportantGI: 0
  m_StitchLightmapSeams: 1
  m_SelectedEditorRenderState: 0
  m_MinimumChartSize: 4
  m_AutoUVMaxDistance: 0.5
  m_AutoUVMaxAngle: 89
  m_LightmapParameters: {fileID: 0}
  m_SortingLayerID: 0
  m_SortingLayer: 0
  m_SortingOrder: 1
  m_Sprite: {fileID: -4527687483770720276, guid: 6057ed4454c24fa4ebbbe2098816016e,
    type: 3}
  m_Color: {r: 1, g: 1, b: 1, a: 1}
  m_FlipX: 1
  m_FlipY: 0
  m_DrawMode: 0
  m_Size: {x: 1, y: 1}
  m_AdaptiveModeThreshold: 0.5
  m_SpriteTileMode: 0
  m_WasSpriteAssigned: 1
  m_MaskInteraction: 0
  m_SpriteSortPoint: 0
--- !u!4 &1888791063
Transform:
  m_ObjectHideFlags: 0
  m_CorrespondingSourceObject: {fileID: 0}
  m_PrefabInstance: {fileID: 0}
  m_PrefabAsset: {fileID: 0}
  m_GameObject: {fileID: 1888791060}
  m_LocalRotation: {x: -0, y: -0, z: -0, w: 1}
  m_LocalPosition: {x: 4, y: 0.5, z: 0}
  m_LocalScale: {x: 1, y: 1, z: 1}
  m_Children: []
  m_Father: {fileID: 124125442}
  m_RootOrder: 2
  m_LocalEulerAnglesHint: {x: 0, y: 0, z: 0}
--- !u!1 &1906413656
GameObject:
  m_ObjectHideFlags: 0
  m_CorrespondingSourceObject: {fileID: 0}
  m_PrefabInstance: {fileID: 0}
  m_PrefabAsset: {fileID: 0}
  serializedVersion: 6
  m_Component:
  - component: {fileID: 1906413659}
  - component: {fileID: 1906413658}
  - component: {fileID: 1906413657}
  m_Layer: 0
  m_Name: Dipper
  m_TagString: Untagged
  m_Icon: {fileID: 0}
  m_NavMeshLayer: 0
  m_StaticEditorFlags: 0
  m_IsActive: 1
--- !u!95 &1906413657
Animator:
  serializedVersion: 3
  m_ObjectHideFlags: 0
  m_CorrespondingSourceObject: {fileID: 0}
  m_PrefabInstance: {fileID: 0}
  m_PrefabAsset: {fileID: 0}
  m_GameObject: {fileID: 1906413656}
  m_Enabled: 1
  m_Avatar: {fileID: 0}
  m_Controller: {fileID: 9100000, guid: a2f36caa3a090504f880b56a856fad01, type: 2}
  m_CullingMode: 0
  m_UpdateMode: 0
  m_ApplyRootMotion: 0
  m_LinearVelocityBlending: 0
  m_WarningMessage: 
  m_HasTransformHierarchy: 1
  m_AllowConstantClipSamplingOptimization: 1
  m_KeepAnimatorControllerStateOnDisable: 0
--- !u!212 &1906413658
SpriteRenderer:
  m_ObjectHideFlags: 0
  m_CorrespondingSourceObject: {fileID: 0}
  m_PrefabInstance: {fileID: 0}
  m_PrefabAsset: {fileID: 0}
  m_GameObject: {fileID: 1906413656}
  m_Enabled: 1
  m_CastShadows: 0
  m_ReceiveShadows: 0
  m_DynamicOccludee: 1
  m_MotionVectors: 1
  m_LightProbeUsage: 1
  m_ReflectionProbeUsage: 1
  m_RenderingLayerMask: 1
  m_RendererPriority: 0
  m_Materials:
  - {fileID: 10754, guid: 0000000000000000f000000000000000, type: 0}
  m_StaticBatchInfo:
    firstSubMesh: 0
    subMeshCount: 0
  m_StaticBatchRoot: {fileID: 0}
  m_ProbeAnchor: {fileID: 0}
  m_LightProbeVolumeOverride: {fileID: 0}
  m_ScaleInLightmap: 1
  m_PreserveUVs: 0
  m_IgnoreNormalsForChartDetection: 0
  m_ImportantGI: 0
  m_StitchLightmapSeams: 1
  m_SelectedEditorRenderState: 0
  m_MinimumChartSize: 4
  m_AutoUVMaxDistance: 0.5
  m_AutoUVMaxAngle: 89
  m_LightmapParameters: {fileID: 0}
  m_SortingLayerID: 0
  m_SortingLayer: 0
  m_SortingOrder: 1
  m_Sprite: {fileID: -3243234719830431240, guid: 46cc1675b785ab444a728773df95b65c,
    type: 3}
  m_Color: {r: 1, g: 1, b: 1, a: 1}
  m_FlipX: 0
  m_FlipY: 0
  m_DrawMode: 0
  m_Size: {x: 1, y: 1}
  m_AdaptiveModeThreshold: 0.5
  m_SpriteTileMode: 0
  m_WasSpriteAssigned: 1
  m_MaskInteraction: 0
  m_SpriteSortPoint: 0
--- !u!4 &1906413659
Transform:
  m_ObjectHideFlags: 0
  m_CorrespondingSourceObject: {fileID: 0}
  m_PrefabInstance: {fileID: 0}
  m_PrefabAsset: {fileID: 0}
  m_GameObject: {fileID: 1906413656}
  m_LocalRotation: {x: -0, y: -0, z: -0, w: 1}
  m_LocalPosition: {x: -4, y: 0.5, z: 0}
  m_LocalScale: {x: 1, y: 1, z: 1}
  m_Children: []
  m_Father: {fileID: 124125442}
  m_RootOrder: 1
  m_LocalEulerAnglesHint: {x: 0, y: 0, z: 0}
--- !u!224 &2001673010 stripped
RectTransform:
  m_CorrespondingSourceObject: {fileID: 224673926499591734, guid: 8d6c5a64395cc7a45b8b0689bad9864c,
    type: 3}
  m_PrefabInstance: {fileID: 293411549}
  m_PrefabAsset: {fileID: 0}
--- !u!1 &2132717517
GameObject:
  m_ObjectHideFlags: 0
  m_CorrespondingSourceObject: {fileID: 0}
  m_PrefabInstance: {fileID: 0}
  m_PrefabAsset: {fileID: 0}
  serializedVersion: 6
  m_Component:
  - component: {fileID: 2132717519}
  - component: {fileID: 2132717518}
  m_Layer: 0
  m_Name: background
  m_TagString: Untagged
  m_Icon: {fileID: 0}
  m_NavMeshLayer: 0
  m_StaticEditorFlags: 0
  m_IsActive: 1
--- !u!212 &2132717518
SpriteRenderer:
  m_ObjectHideFlags: 0
  m_CorrespondingSourceObject: {fileID: 0}
  m_PrefabInstance: {fileID: 0}
  m_PrefabAsset: {fileID: 0}
  m_GameObject: {fileID: 2132717517}
  m_Enabled: 1
  m_CastShadows: 0
  m_ReceiveShadows: 0
  m_DynamicOccludee: 1
  m_MotionVectors: 1
  m_LightProbeUsage: 1
  m_ReflectionProbeUsage: 1
  m_RenderingLayerMask: 1
  m_RendererPriority: 0
  m_Materials:
  - {fileID: 10754, guid: 0000000000000000f000000000000000, type: 0}
  m_StaticBatchInfo:
    firstSubMesh: 0
    subMeshCount: 0
  m_StaticBatchRoot: {fileID: 0}
  m_ProbeAnchor: {fileID: 0}
  m_LightProbeVolumeOverride: {fileID: 0}
  m_ScaleInLightmap: 1
  m_PreserveUVs: 0
  m_IgnoreNormalsForChartDetection: 0
  m_ImportantGI: 0
  m_StitchLightmapSeams: 1
  m_SelectedEditorRenderState: 0
  m_MinimumChartSize: 4
  m_AutoUVMaxDistance: 0.5
  m_AutoUVMaxAngle: 89
  m_LightmapParameters: {fileID: 0}
  m_SortingLayerID: 0
  m_SortingLayer: 0
  m_SortingOrder: -2
  m_Sprite: {fileID: 21300000, guid: cafb6571b14860b409a6c3a3063b7397, type: 3}
  m_Color: {r: 1, g: 1, b: 1, a: 1}
  m_FlipX: 0
  m_FlipY: 0
  m_DrawMode: 0
  m_Size: {x: 20, y: 20}
  m_AdaptiveModeThreshold: 0.5
  m_SpriteTileMode: 0
  m_WasSpriteAssigned: 1
  m_MaskInteraction: 0
  m_SpriteSortPoint: 0
--- !u!4 &2132717519
Transform:
  m_ObjectHideFlags: 0
  m_CorrespondingSourceObject: {fileID: 0}
  m_PrefabInstance: {fileID: 0}
  m_PrefabAsset: {fileID: 0}
  m_GameObject: {fileID: 2132717517}
  m_LocalRotation: {x: -0, y: -0, z: -0, w: 1}
  m_LocalPosition: {x: 0, y: 0, z: 0}
  m_LocalScale: {x: 1, y: 1, z: 1}
  m_Children: []
  m_Father: {fileID: 124125442}
  m_RootOrder: 0
  m_LocalEulerAnglesHint: {x: 0, y: 0, z: 0}
